<marcxml:record xmlns:xlink="http://www.w3.org/1999/xlink" xmlns:marcxml="http://www.loc.gov/MARC21/slim" xmlns:mets="http://www.loc.gov/METS/" xmlns:mxe="http://www.loc.gov/mxe" xmlns:rdf="http://www.w3.org/1999/02/22-rdf-syntax-ns#" xmlns:rdfs="http://www.w3.org/2000/01/rdf-schema#" xmlns:skos="http://www.w3.org/2004/02/skos/core#" xmlns:madsrdf="http://www.loc.gov/mads/rdf/v1#" xmlns:ri="http://id.loc.gov/ontologies/RecordInfo#" xmlns:sem="http://marklogic.com/semantics">
  <marcxml:leader>00628nz  a2200193n  4500</marcxml:leader>
  <marcxml:controlfield tag="001">nr2002016010</marcxml:controlfield>
  <marcxml:controlfield tag="003">DLC</marcxml:controlfield>
  <marcxml:controlfield tag="005">20020426033118.0</marcxml:controlfield>
  <marcxml:controlfield tag="008">020424n| acannaabn           a ana     c</marcxml:controlfield>
  <marcxml:datafield tag="010" ind1=" " ind2=" ">
    <marcxml:subfield code="a">nr2002016010</marcxml:subfield>
  </marcxml:datafield>
  <marcxml:datafield tag="040" ind1=" " ind2=" ">
    <marcxml:subfield code="a">MH-FA</marcxml:subfield>
    <marcxml:subfield code="b">eng</marcxml:subfield>
    <marcxml:subfield code="c">MH-FA</marcxml:subfield>
  </marcxml:datafield>
  <marcxml:datafield tag="130" ind1=" " ind2="0">
    <marcxml:subfield code="a">Belvedere torso</marcxml:subfield>
  </marcxml:datafield>
  <marcxml:datafield tag="430" ind1=" " ind2="0">
    <marcxml:subfield code="a">Belvedere-torsoen</marcxml:subfield>
  </marcxml:datafield>
  <marcxml:datafield tag="430" ind1=" " ind2="0">
    <marcxml:subfield code="a">Torso vom Belvedere</marcxml:subfield>
  </marcxml:datafield>
  <marcxml:datafield tag="430" ind1=" " ind2="0">
    <marcxml:subfield code="a">Torso von Belvedere</marcxml:subfield>
  </marcxml:datafield>
  <marcxml:datafield tag="670" ind1=" " ind2=" ">
    <marcxml:subfield code="a">Tæt på en torso, 2001:</marcxml:subfield>
    <marcxml:subfield code="b">t.p. (Belvedere-torsoen)</marcxml:subfield>
  </marcxml:datafield>
  <marcxml:datafield tag="670" ind1=" " ind2=" ">
    <marcxml:subfield code="a">LC in RLIN, Apr. 18, 2002</marcxml:subfield>
    <marcxml:subfield code="b">(hdg. :Belvedere torso (sculpture); usage: Torso vom Belvedere)</marcxml:subfield>
  </marcxml:datafield>
  <marcxml:datafield tag="670" ind1=" " ind2=" ">
    <marcxml:subfield code="a">Der Torso von Belvedere, 1894.</marcxml:subfield>
  </marcxml:datafield>
  <marcxml:datafield tag="670" ind1=" " ind2=" ">
    <marcxml:subfield code="a">Encycl. of world art</marcxml:subfield>
    <marcxml:subfield code="b">(Belvedere torso)</marcxml:subfield>
  </marcxml:datafield>
</marcxml:record>
